<?xml version="1.0" encoding="UTF-8"?><collection xmlns="http://www.loc.gov/MARC21/slim"><record><leader>00491nam--2200193-u-4500</leader><controlfield tag="001">000051988</controlfield><controlfield tag="002">20161230</controlfield><controlfield tag="005">20170125234638</controlfield><controlfield tag="008">090526s1000------------r-----000-0-eng-d</controlfield><datafield ind1=" " ind2=" " tag="020"><subfield code="a">0486696901</subfield></datafield><datafield ind1=" " ind2=" " tag="040"><subfield code="a">IFIN-HH</subfield></datafield><datafield ind1="1" ind2=" " tag="100"><subfield code="a">Greenwood, Donald T</subfield></datafield><datafield ind1="1" ind2=" " tag="245"><subfield code="a">Classical Dynamics</subfield><subfield code="c">Donald T. Greenwood</subfield></datafield><datafield ind1=" " ind2=" " tag="260"><subfield code="a">Mineola</subfield><subfield code="b">Dover Publishing</subfield><subfield code="c">1997</subfield></datafield><datafield ind1=" " ind2=" " tag="300"><subfield code="a">337 p</subfield></datafield><datafield ind1=" " ind2="4" tag="650"><subfield code="a">Relativistic Mechanics</subfield></datafield><datafield ind1=" " ind2=" " tag="650"><subfield code="a">Dynamics</subfield></datafield><datafield ind1=" " ind2=" " tag="852"><subfield code="a">82254</subfield><subfield code="c">531</subfield></datafield><datafield ind1=" " ind2=" " tag="CAT"><subfield code="a">SYS</subfield><subfield code="c">20170125</subfield><subfield code="h">234638</subfield></datafield></record></collection>